@ARTICLE{patnaik:sohum,
   AUTHOR= {Patnaik, Sohum},
   TITLE= {(Insert Title Later)},
   JOURNAL= {R News},
   MONTH= {JUNE},
   YEAR= {2015},
   URL= {http://CRAN.R-project.org/doc/Rnews}
}
